@book{Wettl04,
  author    = {Ferenc Wettl and Gyula Mayer and Péter Szabó},
  publisher = {Panem Könyvkiadó},
  title     = {\LaTeX~kézikönyv},
  year      = {2004},
}

@article{Candy86,
  author       = {James C. Candy},
  journaltitle = {{IEEE} Trans.\ on Communications},
  month        = {01},
  note         = {\doi{10.1109/TCOM.1986.1096432}},
  number       = {1},
  pages        = {72--76},
  title        = {Decimation for Sigma Delta Modulation},
  volume       = {34},
  year         = {1986},
}

@inproceedings{Lee87,
  author    = {Wai L. Lee and Charles G. Sodini},
  booktitle = {Proc.\ of the IEEE International Symposium on Circuits and Systems},
  location  = {Philadelphia, PA, USA},
  month     = {05~4--7},
  pages     = {459--462},
  title     = {A Topology for Higher Order Interpolative Coders},
  vol       = {2},
  year      = {1987},
}

@thesis{KissPhD,
  author      = {Peter Kiss},
  institution = {Technical University of Timi\c{s}oara, Romania},
  month       = {04},
  title       = {Adaptive Digital Compensation of Analog Circuit Imperfections for Cascaded Delta-Sigma Analog-to-Digital Converters},
  type        = {phdthesis},
  year        = {2000},
}

@manual{Schreier00,
  author       = {Richard Schreier},
  month        = {01},
  note         = {\url{http://www.mathworks.com/matlabcentral/fileexchange/}},
  organization = {Oregon State University},
  title        = {The Delta-Sigma Toolbox v5.2},
  year         = {2000},
}

@misc{DipPortal,
  author       = {{Budapesti Műszaki és Gazdaságtudományi Egyetem Villamosmérnöki és Informatikai Kar}},
  howpublished = {\url{http://diplomaterv.vik.bme.hu/}},
  title        = {Diplomaterv portál (2011. február 26.)},
}

@incollection{Mkrtychev:1997,
  author    = {Mkrtychev, Alexey},
  booktitle = {Logical Foundations of Computer Science},
  doi       = {10.1007/3-540-63045-7_27},
  editor    = {Adian, Sergei and Nerode, Anil},
  isbn      = {978-3-540-63045-6},
  pages     = {266-275},
  publisher = {Springer Berlin Heidelberg},
  series    = {Lecture Notes in Computer Science},
  title     = {Models for the logic of proofs},
  url       = {http://dx.doi.org/10.1007/3-540-63045-7_27},
  volume    = {1234},
  year      = {1997},
}

@report{Jeney,
  author      = {Jeney, Gábor},
  institution = {Budapesti Műszaki és Gazdaságtudományi Egyetem, Híradástechnikai Tanszék},
  location    = {Budapest},
  note        = {\url{http://www.mcl.hu/~jeneyg/kinezet.pdf}},
  title       = {Hogyan néz ki egy igényes dokumentum? {N}éhány szóban az alapvető tipográfiai szabályokról},
  type        = {techreport},
  year        = {2014},
}

@misc{refinery,
  author = {Refinery},
  howpublished = {\url{https://refinery.tools/learn/}},
  title = {Introduction},
  year = {2024},
}

@misc{java,
  author = {Wikipedia},
  howpublished = {\url{https://en.wikipedia.org/wiki/Java_(programming_language)}},
  title = {Java (programming language)},
  year = {2024},
}

@misc{gradle,
  author = {Wikipedia},
  howpublished = {\url{https://en.wikipedia.org/wiki/Gradle}},
  title = {Gradle},
  year = {2024}
}

@misc{jetty,
  author = {Eclipse},
  howpublished = {\url{https://jetty.org/index.html}},
  title = {The Eclipse Jetty Project},
  year = {2024}
}

@misc{springframework,
  author = {Spring},
  howpublished = {\url{https://spring.io/projects/spring-framework}},
  title = {Spring Framework},
  year = {2024}
}

@misc{springboot,
  author = {Spring},
  howpublished = {\url{https://spring.io/projects/spring-boot}},
  title = {Spring Boot},
  year = {2024}
}

@misc{restapi,
  author = {IBM},
  howpublished = {\url{https://www.ibm.com/topics/rest-apis}},
  title = {What is a REST API?},
  year = {2024}
}

@misc{rpc,
  author = {Wikipedia},
  howpublished = {\url{https://en.wikipedia.org/wiki/Remote_procedure_call}},
  title = {Remote procedure call},
  year = {2024}
}

@misc{websocket,
  author = {IETF},
  howpublished = {\url{https://datatracker.ietf.org/doc/html/rfc6455}},
  title = {RFC 6455: The WebSocket Protocol},
  year = {2011}
}

@misc{json,
  author = {},
  howpublished = {\url{https://www.json.org/json-en.html}},
  title = {Introducing JSON},
  year = {2024}
}

@misc{shell,
  author = {Wikipedia},
  howpublished = {\url{https://en.wikipedia.org/wiki/Shell_(computing)}},
  title = {Shell (computing)},
  year = {2024}
}

@misc{shellscript,
  author = {Wikipedia},
  howpublished = {\url{https://en.wikipedia.org/wiki/Shell_script}},
  title = {Shell script},
  year = {2024}
}

@misc{cloud,
  author = {Google},
  howpublished = {\url{https://cloud.google.com/learn/what-is-cloud-computing}},
  title = {What is Cloud Computing?},
  year = {2024}
}

@misc{grpcwiki,
  author = {Wikipedia},
  howpublished = {\url{https://en.wikipedia.org/wiki/GRPC}},
  title = {gRPC},
  year = {2024}
}

@misc{grpcspec,
  author = {gRPC},
  howpublished = {\url{https://grpc.io/docs/what-is-grpc/introduction/}},
  title = {Introduction to gRPC},
  year = {2024}
}

@misc{grpcspec2,
  author = {gRPC},
  howpublished = {\url{https://grpc.io/docs/what-is-grpc/core-concepts/#bidirectional-streaming-rpc}},
  title = {Core concepts, architecture and lifecycle},
  year = {2024}
}

@misc{jdk,
  author = {Wikipedia},
  howpublished = {\url{https://en.wikipedia.org/wiki/Java_Development_Kit}},
  title = {Java Development Kit},
  year = {2024}
}

@misc{cloudnative,
  author = {Amazon Web Services},
  howpublished = {\url{https://aws.amazon.com/what-is/cloud-native/}},
  title = {What is Cloud Native?},
  year = {2024}
}

@misc{scaling,
  author = {VMWare},
  howpublished = {\url{https://www.vmware.com/topics/cloud-scalability}},
  title = {What is Cloud Scalability?},
  year = {2024}
}

@misc{loadbalancing,
  author = {Cloudflare},
  howpublished = {\url{https://www.cloudflare.com/learning/performance/what-is-load-balancing/}},
  title = {What is load balancing?},
  year = {2024}
}

@misc{aws,
  author = {AWS},
  howpublished = {\url{https://aws.amazon.com/what-is-aws/}},
  title = {What is AWS?},
  year = {2024}
}

@misc{ec2,
  author = {AWS},
  howpublished = {\url{https://docs.aws.amazon.com/AWSEC2/latest/UserGuide/concepts.html}},
  title = {What is Amazon EC2?},
  year = {2024}
}

@misc{ecs,
  author = {AWS},
  howpublished = {\url{https://docs.aws.amazon.com/AmazonECS/latest/developerguide/Welcome.html}},
  title = {What is Amazon Elastic Container Service?},
  year = {2024}
}

@misc{vpc,
  author = {AWS},
  howpublished = {\url{https://docs.aws.amazon.com/vpc/latest/userguide/what-is-amazon-vpc.html}},
  title = {What is Amazon VPC?},
  year = {2024}
}

@misc{elb,
  author = {AWS},
  howpublished = {\url{https://docs.aws.amazon.com/elasticloadbalancing/latest/application/introduction.html}},
  title = {What is Application Load Balancer?},
  year = {2024}
}

@misc{autoscale,
  author = {AWS},
  howpublished = {\url{https://docs.aws.amazon.com/autoscaling/application/userguide/what-is-application-auto-scaling.html}},
  title = {What is Application Auto Scaling?},
  year = {2024}
}

@misc{container,
  author = {RedHat},
  howpublished = {\url{https://www.redhat.com/en/topics/cloud-native-apps/what-is-containerization}},
  title = {What is containerization?},
  year = {2024}
}

@misc{docker,
  author = {Docker},
  howpublished = {\url{https://docs.docker.com/get-started/docker-overview/}},
  title = {What is Docker?},
  year = {2024}
}

@misc{dockercompose,
  author = {Docker},
  howpublished = {\url{https://docs.docker.com/compose/}},
  title = {Docker Compose},
  year = {2024}
}

@misc{nlbprice,
  author = {AWS},
  howpublished = {\url{https://aws.amazon.com/elasticloadbalancing/pricing/}},
  title = {Elastic Load Balancing pricing},
  year = {2024}
}

@misc{natprice,
  author = {AWS},
  howpublished = {\url{https://aws.amazon.com/vpc/pricing/}},
  title = {Amazon VPC pricing},
  year = {2024}
}

@misc{httpdoc,
  author = {mdn},
  howpublished = {\url{https://developer.mozilla.org/en-US/docs/Web/HTTP/Overview}},
  title = {An overview of HTTP},
  year = {2024}
}